<?xml version="1.0" encoding="UTF-8"?>
<record xmlns="http://www.loc.gov/MARC21/slim" xmlns:xsi="http://www.w3.org/2001/XMLSchema-instance" xsi:schemaLocation="http://www.loc.gov/MARC21/slim http://www.loc.gov/standards/marcxml/schema/MARC21slim.xsd">
<leader>     nam a2200217 a 4500</leader>
<controlfield tag="001">001679119</controlfield>
<controlfield tag="003">NNU</controlfield>
<controlfield tag="005">20001218212552.0</controlfield>
<controlfield tag="008">930706s1904    le            000 0 ara d</controlfield>
<datafield tag="035" ind1="9" ind2=" ">
<subfield code="a">NYUb12222510</subfield>
</datafield>
<datafield tag="035" ind1=" " ind2=" ">
<subfield code="a">(CStRLIN)NJPG93-B37131</subfield>
</datafield>
<datafield tag="040" ind1=" " ind2=" ">
<subfield code="a">NjP</subfield>
<subfield code="c">NjP</subfield>
</datafield>
<datafield tag="100" ind1="1" ind2=" ">
<subfield code="a">Maghribī, ʻAbd al-Majīd.</subfield>
</datafield>
<datafield tag="240" ind1="1" ind2="0">
<subfield code="a">Manhal al-fāʼiḍ fī ʻilm al-farāʼiḍ</subfield>
</datafield>
<datafield tag="245" ind1="1" ind2="0">
<subfield code="a">Kitāb al-manhal al-fāʼiḍ fī ʻilm al-farāʼiḍ /</subfield>
<subfield code="c">athar ʻAbd al-Majīd Maghribī.</subfield>
</datafield>
<datafield tag="260" ind1=" " ind2=" ">
<subfield code="a">Bayrūt :</subfield>
<subfield code="b">al-Maṭbaʻah al-Adabīyah,</subfield>
<subfield code="c">1322 [1904 or 1905]</subfield>
</datafield>
<datafield tag="300" ind1=" " ind2=" ">
<subfield code="a">189 p. ;</subfield>
<subfield code="c">23 cm.</subfield>
</datafield>
<datafield tag="650" ind1=" " ind2="0">
<subfield code="a">Inheritance and succession (Islamic law)</subfield>
</datafield>
<datafield tag="740" ind1="0" ind2="1">
<subfield code="a">Manhal al-fāʼiḍ fī ʻilm al-farāʼiḍ.</subfield>
</datafield>
<datafield tag="OWN" ind1=" " ind2=" ">
<subfield code="a">GENERAL</subfield>
</datafield>
<datafield tag="950" ind1=" " ind2=" ">
<subfield code="l">BMAIN</subfield>
<subfield code="a">HB715</subfield>
<subfield code="b">.M3</subfield>
</datafield>
<datafield tag="955" ind1=" " ind2=" ">
<subfield code="l">BMAIN</subfield>
<subfield code="c">1</subfield>
<subfield code="r">028408675</subfield>
</datafield>
<datafield tag="998" ind1=" " ind2=" ">
<subfield code="s">9124</subfield>
</datafield>
<datafield tag="AVA" ind1=" " ind2=" ">
<subfield code="a">NYU50</subfield>
<subfield code="b">BOBST</subfield>
<subfield code="c">Main Collection</subfield>
<subfield code="d">HB715 .M3</subfield>
<subfield code="e">unavailable</subfield>
<subfield code="t">Unavailable</subfield>
<subfield code="f">1</subfield>
<subfield code="g">1</subfield>
<subfield code="h">N</subfield>
<subfield code="i">0</subfield>
<subfield code="j">MAIN</subfield>
<subfield code="k">0</subfield>
</datafield>
</record>
